
@inproceedings{cite1,
  title="The Fun of Learning: Gamification in Education.",
  author= "BLANKMAN, R",
  note = {\url{https://www.hmhco.com/blog/what-is-gamification-in-education/}},
}

@inproceedings{cite2,
  title="Dovolil som deťom v škole hrať videohry. Pozrite, čo sa stalo.",
  author= "M.Božík",
  year="2019",
   note = {\url{https://dennikn.sk/blog/1692272/videohry-vo-vzdelavani/}}, 
}

@inproceedings{cite3,
  title="Videohry v kontexte vyučovacieho procesu",
  author= "M.Božík",
  year="2015",
  note = {\url{https://www.direktor.sk/sk/casopis/manazment-skoly-v-praxi/videohry-v-kontexte-vyucovacieho-procesu.m-237.html/}},
}

@inproceedings{cite4,
  title="Hravosť vo vzdelávaní – gamifikácia",
  author= "M.Held",
  year="2015",
   note = {\url{https://vlcata.sk/hravost-vo-vzdelavani-gamifikacia/}}, 
}

@inproceedings{cite5,
  title="The Fun of Learning: Gamification in Education",
  author= "R.Blankman ",
  year="2022",
   note = {\url{https://www.hmhco.com/blog/what-is-gamification-in-education/}}, 
}

@inproceedings{cite6,
  title="Čo je to gamifikácia a oplatí sa ju použiť?",
  author= " E.Urbanová",
  year="2019",
   note = {\url{https://www.e-learnmedia.sk/blog/co-je-to-gamifikacia-a-oplati-sa-ju-pouzit/}}, 
}

@inproceedings{cite7,
  title="Students Who Play Online Games Perform Better At School, Research Finds",
  author= "B.Widmer",
   note = {\url{https://www.lifehack.org/451774/students-who-play-online-games-perform-better-at-school-research-finds/}}, 
}

@inproceedings{cite8,
  title="Gemifikácia ako nástroj vzdelávania 21. storočia",
  author= "A.Mezeiová",
  publisher="J.Selye University",
   note = {\url{https://relik.vse.cz/2018/download/pdf/192-Mezeiova-Adriana-paper.pdf}}, 
}

@inproceedings{cite9,
  title="Two Years Average Growth in One Year",
   note = {\url{https://www.hmhco.com/programs/math-180}}, 
}

@inproceedings{cite10,
  title="K.Salen",
  author= "Dost{\'a}l, Ji{\v{r}}{\'\i}",
  year="2022",
   note = {\url{https://www.q2l.org/about/}}, 
}

%kniha
@book{cite11,
  title="Video Games in Education: Why They Should Be Used and How They Are Being Used",
  author= "Annetta, L. ",
  year="2008",
  issn = "0040-5841"
}

@inproceedings{cite12,
  title="INSTRUCTIONAL SOFTWARE AND COMPUTER GAMES – TOOLS OF
MODERN EDUCATION",
  author= "J.Dostal",
  year="2009",
  publisher="Univerzity Palackeho v Olomouci",
   note = {\url{https://pdfs.semanticscholar.org/3d10/dc1263710474cf692e271807550ecac82e4b.pdf?_ga=2.32792574.1730075480.1666703936-1705427111.1666703936 }}, 
}

@inproceedings{cite13,
  title="Two Years Average Growth in One Year",
   note = {\url{https://www.hmhco.com/programs/math-180}}, 
}

@inproceedings{cite14,
    author= "SALEN-TEKINBAS, K.",
  title="What is Game-Based Learning?",
   note = {\url{https://www.q2l.org/about/}}, 
}


